<?xml version="1.0" encoding="UTF-8"?><record xmlns="http://www.loc.gov/MARC21/slim" xmlns:cinclude="http://apache.org/cocoon/include/1.0" xmlns:zs="http://www.loc.gov/zing/srw/">
  <leader>00503cz  a2200145n  4500</leader>
  <controlfield tag="001">n  82276140 </controlfield>
  <controlfield tag="003">DLC</controlfield>
  <controlfield tag="005">19950908141933.1</controlfield>
  <controlfield tag="008">840223n| acannaab|          |a aaa |||  </controlfield>
  <datafield tag="010" ind1=" " ind2=" ">
    <subfield code="a">n  82276140 </subfield>
  </datafield>
  <datafield tag="040" ind1=" " ind2=" ">
    <subfield code="a">DLC</subfield>
    <subfield code="c">DLC</subfield>
    <subfield code="d">DLC</subfield>
  </datafield>
  <datafield tag="100" ind1="1" ind2="0">
    <subfield code="a">Smulders, W. H. M.,</subfield>
    <subfield code="d">1950-</subfield>
  </datafield>
  <datafield tag="400" ind1="1" ind2="0">
    <subfield code="a">Smulders, Wilbert,</subfield>
    <subfield code="d">1950-</subfield>
  </datafield>
  <datafield tag="670" ind1=" " ind2=" ">
    <subfield code="a">His De literaire misleiding in De Donkere kamer van Damokles, 1983:</subfield>
    <subfield code="b">t.p. (W.H.M. Smulders) cover (b. 1950)</subfield>
  </datafield>
  <datafield tag="670" ind1=" " ind2=" ">
    <subfield code="a">De literaire magneet, 1995:</subfield>
    <subfield code="b">t.p. (Wilbert Smulders) p. 234 (b. 1950)</subfield>
  </datafield>
</record>